@article {BGKWY,
    AUTHOR = {Budzik, Kasia and Gaiotto, Davide and Kulp, Justin and Wu,
              Jingxiang and Yu, Matthew},
     TITLE = {Feynman diagrams in four-dimensional holomorphic theories and
              the {O}peratope},
   JOURNAL = {J. High Energy Phys.},
  FJOURNAL = {Journal of High Energy Physics},
      YEAR = {2023},
    NUMBER = {7},
     PAGES = {Paper No. 127, 38},
      ISSN = {1126-6708},
   MRCLASS = {81Q30 (81T18 81T70)},
  MRNUMBER = {4618055},
       DOI = {10.1007/jhep07(2023)127},
       URL = {https://doi.org/10.1007/jhep07(2023)127},
}
@article {BGKWWY,
    AUTHOR = {Budzik, Kasia and Gaiotto, Davide and Kulp, Justin and
              Williams, Brian R. and Wu, Jingxiang and Yu, Matthew},
     TITLE = {Semi-chiral operators in 4d {$\Cal{N} = 1$} gauge theories},
   JOURNAL = {J. High Energy Phys.},
  FJOURNAL = {Journal of High Energy Physics},
      YEAR = {2024},
    NUMBER = {5},
     PAGES = {Paper No. 245, 69},
      ISSN = {1126-6708},
   MRCLASS = {81T60 (81R10 81T13 81T35)},
  MRNUMBER = {4752347},
       DOI = {10.1007/jhep05(2024)245},
       URL = {https://doi.org/10.1007/jhep05(2024)245},
}
@article {CosSUSY,
    AUTHOR = {Costello, Kevin},
     TITLE = {Notes on supersymmetric and holomorphic field theories in
              dimensions 2 and 4},
   JOURNAL = {Pure Appl. Math. Q.},
  FJOURNAL = {Pure and Applied Mathematics Quarterly},
    VOLUME = {9},
      YEAR = {2013},
    NUMBER = {1},
     PAGES = {73--165},
      ISSN = {1558-8599},
   MRCLASS = {81R40 (81Q60 81T13)},
  MRNUMBER = {3126501},
MRREVIEWER = {Domenico Fiorenza},
       DOI = {10.4310/PAMQ.2013.v9.n1.a3},
       URL = {https://doi.org/10.4310/PAMQ.2013.v9.n1.a3},
}
@incollection {CosScheim,
    AUTHOR = {Costello, Kevin and Scheimbauer, Claudia},
     TITLE = {Lectures on mathematical aspects of (twisted) supersymmetric
              gauge theories},
 BOOKTITLE = {Mathematical aspects of quantum field theories},
    SERIES = {Math. Phys. Stud.},
     PAGES = {57--87},
 PUBLISHER = {Springer, Cham},
      YEAR = {2015},
   MRCLASS = {81T20 (81T45)},
  MRNUMBER = {3330239},
}
@book {CG1,
    AUTHOR = {Costello, Kevin and Gwilliam, Owen},
     TITLE = {Factorization algebras in quantum field theory. {V}ol. 1},
    SERIES = {New Mathematical Monographs},
    VOLUME = {31},
 PUBLISHER = {Cambridge University Press, Cambridge},
      YEAR = {2017},
     PAGES = {ix+387},
      ISBN = {978-1-107-16310-2},
   MRCLASS = {81-01 (17B69 18D50 53D55 81R05 81R10)},
  MRNUMBER = {3586504},
MRREVIEWER = {Domenico Fiorenza},
       DOI = {10.1017/9781316678626},
       URL = {https://doi.org/10.1017/9781316678626},
}
@book {CG2,
    AUTHOR = {Costello, Kevin and Gwilliam, Owen},
     TITLE = {Factorization algebras in quantum field theory. {V}ol. 2},
    SERIES = {New Mathematical Monographs},
    VOLUME = {41},
 PUBLISHER = {Cambridge University Press, Cambridge},
      YEAR = {2021},
     PAGES = {xiii+402},
      ISBN = {978-1-107-16315-7; 978-1-009-00616-3},
   MRCLASS = {81-02 (18M99 70S10 81R10 81T70)},
  MRNUMBER = {4300181},
MRREVIEWER = {Domenico Fiorenza},
       DOI = {10.1017/9781316678664},
       URL = {https://doi.org/10.1017/9781316678664},
}
@article {EllSaf,
    AUTHOR = {Elliott, Chris and Safronov, Pavel},
     TITLE = {Topological twists of supersymmetric algebras of observables},
   JOURNAL = {Comm. Math. Phys.},
  FJOURNAL = {Communications in Mathematical Physics},
    VOLUME = {371},
      YEAR = {2019},
    NUMBER = {2},
     PAGES = {727--786},
      ISSN = {0010-3616},
   MRCLASS = {81T60 (17B37 18F20 18M60)},
  MRNUMBER = {4019918},
MRREVIEWER = {Daniel Ion Bulacu},
       DOI = {10.1007/s00220-019-03393-9},
       URL = {https://doi.org/10.1007/s00220-019-03393-9},
}
@article {ESW,
    AUTHOR = {Elliott, Chris and Safronov, Pavel and Williams, Brian R.},
     TITLE = {A taxonomy of twists of supersymmetric {Y}ang-{M}ills theory},
   JOURNAL = {Selecta Math. (N.S.)},
  FJOURNAL = {Selecta Mathematica. New Series},
    VOLUME = {28},
      YEAR = {2022},
    NUMBER = {4},
     PAGES = {Paper No. 73, 124},
      ISSN = {1022-1824},
   MRCLASS = {81T60 (14D21 70S15 81T13)},
  MRNUMBER = {4468561},
MRREVIEWER = {Hao Zou},
       DOI = {10.1007/s00029-022-00786-y},
       URL = {https://doi.org/10.1007/s00029-022-00786-y},
}
@article {GGW,
    AUTHOR = {Gorbounov, Vassily and Gwilliam, Owen and Williams, Brian},
     TITLE = {Chiral differential operators via quantization of the
              holomorphic {$\sigma$}-model},
   JOURNAL = {Ast\'{e}risque},
  FJOURNAL = {Ast\'{e}risque},
    NUMBER = {419},
      YEAR = {2020},
     PAGES = {ix + 210},
      ISSN = {0303-1179},
      ISBN = {978-2-85629-920-3},
   MRCLASS = {81T70 (14D15 17B69 32G81 53D55 57R32 81T15 81T40)},
  MRNUMBER = {4163812},
MRREVIEWER = {Giuseppe Nardelli},
       DOI = {10.24033/ast},
       URL = {https://doi.org/10.24033/ast},
}
@article {GWonKM,
    AUTHOR = {Gwilliam, Owen and Williams, Brian R.},
     TITLE = {Higher {K}ac-{M}oody algebras and symmetries of holomorphic
              field theories},
   JOURNAL = {Adv. Theor. Math. Phys.},
  FJOURNAL = {Advances in Theoretical and Mathematical Physics},
    VOLUME = {25},
      YEAR = {2021},
    NUMBER = {1},
     PAGES = {129--239},
      ISSN = {1095-0761},
   MRCLASS = {81R10 (17B67)},
  MRNUMBER = {4320072},
       DOI = {10.4310/ATMP.2021.v25.n1.a4},
       URL = {https://doi.org/10.4310/ATMP.2021.v25.n1.a4},
}
@article {GRW,
    AUTHOR = {Gwilliam, Owen and Rabinovich, Eugene and Williams, Brian R.},
     TITLE = {Factorization algebras and abelian {CS}/{WZW}-type
              correspondences},
   JOURNAL = {Pure Appl. Math. Q.},
  FJOURNAL = {Pure and Applied Mathematics Quarterly},
    VOLUME = {18},
      YEAR = {2022},
    NUMBER = {4},
     PAGES = {1485--1553},
      ISSN = {1558-8599},
   MRCLASS = {81T35 (18G10 58D29 81T20 81T70)},
  MRNUMBER = {4504030},
       DOI = {10.4310/pamq.2022.v18.n4.a7},
       URL = {https://doi.org/10.4310/pamq.2022.v18.n4.a7},
}
@article {SWchar,
    AUTHOR = {Saberi, Ingmar and Williams, Brian R.},
     TITLE = {Twisted characters and holomorphic symmetries},
   JOURNAL = {Lett. Math. Phys.},
  FJOURNAL = {Letters in Mathematical Physics},
    VOLUME = {110},
      YEAR = {2020},
    NUMBER = {10},
     PAGES = {2779--2853},
      ISSN = {0377-9017},
   MRCLASS = {81T60 (17B65 17B69 17B81 33E05 81T70)},
  MRNUMBER = {4146954},
       DOI = {10.1007/s11005-020-01319-4},
       URL = {https://doi.org/10.1007/s11005-020-01319-4},
}
@article {SWsconf,
    AUTHOR = {Saberi, Ingmar and Williams, Brian R.},
     TITLE = {Superconformal algebras and holomorphic field theories},
   JOURNAL = {Ann. Henri Poincar\'{e}},
  FJOURNAL = {Annales Henri Poincar\'{e}. A Journal of Theoretical and
              Mathematical Physics},
    VOLUME = {24},
      YEAR = {2023},
    NUMBER = {2},
     PAGES = {541--604},
      ISSN = {1424-0637},
   MRCLASS = {81R10 (81T15 81T60)},
  MRNUMBER = {4548528},
MRREVIEWER = {David Ridout},
       DOI = {10.1007/s00023-022-01224-7},
       URL = {https://doi.org/10.1007/s00023-022-01224-7},
}
@article {Wvir,
    AUTHOR = {Williams, Brian},
     TITLE = {The {V}irasoro vertex algebra and factorization algebras on
              {R}iemann surfaces},
   JOURNAL = {Lett. Math. Phys.},
  FJOURNAL = {Letters in Mathematical Physics},
    VOLUME = {107},
      YEAR = {2017},
    NUMBER = {12},
     PAGES = {2189--2237},
      ISSN = {0377-9017},
   MRCLASS = {81R10 (17B65 17B68 18G55)},
  MRNUMBER = {3719639},
       DOI = {10.1007/s11005-017-0982-7},
       URL = {https://doi.org/10.1007/s11005-017-0982-7},
}
@incollection {W_LMS,
    AUTHOR = {Williams, Brian},
     TITLE = {Infinite-dimensional {L}ie algebras and their multivariable
              generalizations},
 BOOKTITLE = {Modern trends in algebra and representation theory},
    SERIES = {London Math. Soc. Lecture Note Ser.},
    VOLUME = {486},
     PAGES = {273--316},
 PUBLISHER = {Cambridge Univ. Press, Cambridge},
      YEAR = {2023},
   MRCLASS = {17B65},
  MRNUMBER = {4619266},
MRREVIEWER = {Jonathan D. Axtell},
}
@article {Wrenorm,
    AUTHOR = {Williams, Brian R.},
     TITLE = {Renormalization for holomorphic field theories},
   JOURNAL = {Comm. Math. Phys.},
  FJOURNAL = {Communications in Mathematical Physics},
    VOLUME = {374},
      YEAR = {2020},
    NUMBER = {3},
     PAGES = {1693--1742},
      ISSN = {0010-3616},
   MRCLASS = {81T17 (32C99 32L81)},
  MRNUMBER = {4076086},
MRREVIEWER = {Ilya Shapiro},
       DOI = {10.1007/s00220-020-03693-5},
       URL = {https://doi.org/10.1007/s00220-020-03693-5},
}
@incollection {AxeSing1,
    AUTHOR = {Axelrod, Scott and Singer, I. M.},
     TITLE = {Chern-{S}imons perturbation theory. {II}},
 BOOKTITLE = {Perspectives in mathematical physics},
    SERIES = {Conf. Proc. Lecture Notes Math. Phys., III},
     PAGES = {17--49},
 PUBLISHER = {Int. Press, Cambridge, MA},
      YEAR = {1994},
   MRCLASS = {58G26 (57R20 81T18 81T60)},
  MRNUMBER = {1314660},
}
@article {AxeSing2,
    AUTHOR = {Axelrod, Scott and Singer, I. M.},
     TITLE = {Chern-{S}imons perturbation theory. {II}},
   JOURNAL = {J. Differential Geom.},
  FJOURNAL = {Journal of Differential Geometry},
    VOLUME = {39},
      YEAR = {1994},
    NUMBER = {1},
     PAGES = {173--213},
      ISSN = {0022-040X},
   MRCLASS = {58G26 (57R20 81T18 81T60)},
  MRNUMBER = {1258919},
MRREVIEWER = {Steven Rosenberg},
       URL = {http://projecteuclid.org/euclid.jdg/1214454681},
}
@incollection {KonECM,
    AUTHOR = {Kontsevich, Maxim},
     TITLE = {Feynman diagrams and low-dimensional topology},
 BOOKTITLE = {First {E}uropean {C}ongress of {M}athematics, {V}ol. {II}
              ({P}aris, 1992)},
    SERIES = {Progr. Math.},
    VOLUME = {120},
     PAGES = {97--121},
 PUBLISHER = {Birkh\"{a}user, Basel},
      YEAR = {1994},
   MRCLASS = {57R57 (14H15 32G15 57M25)},
  MRNUMBER = {1341841},
MRREVIEWER = {Anatoly Libgober},
}
@article {KonDQ,
    AUTHOR = {Kontsevich, Maxim},
     TITLE = {Deformation quantization of {P}oisson manifolds},
   JOURNAL = {Lett. Math. Phys.},
  FJOURNAL = {Letters in Mathematical Physics},
    VOLUME = {66},
      YEAR = {2003},
    NUMBER = {3},
     PAGES = {157--216},
      ISSN = {0377-9017},
   MRCLASS = {53D55 (16E40 53D17 81S10)},
  MRNUMBER = {2062626},
MRREVIEWER = {David Chataur},
       DOI = {10.1023/B:MATH.0000027508.00421.bf},
       URL = {https://doi.org/10.1023/B:MATH.0000027508.00421.bf},
}
@article {BBBDN,
    AUTHOR = {Beem, Christopher and Ben-Zvi, David and Bullimore, Mathew and
              Dimofte, Tudor and Neitzke, Andrew},
     TITLE = {Secondary products in supersymmetric field theory},
   JOURNAL = {Ann. Henri Poincar\'{e}},
  FJOURNAL = {Annales Henri Poincar\'{e}. A Journal of Theoretical and
              Mathematical Physics},
    VOLUME = {21},
      YEAR = {2020},
    NUMBER = {4},
     PAGES = {1235--1310},
      ISSN = {1424-0637},
   MRCLASS = {81T60 (81T45)},
  MRNUMBER = {4078281},
MRREVIEWER = {T. Tuong Truong},
       DOI = {10.1007/s00023-020-00888-3},
       URL = {https://doi.org/10.1007/s00023-020-00888-3},
}
@article {CPTVV,
    AUTHOR = {Calaque, Damien and Pantev, Tony and To\"{e}n, Bertrand and
              Vaqui\'{e}, Michel and Vezzosi, Gabriele},
     TITLE = {Shifted {P}oisson structures and deformation quantization},
   JOURNAL = {J. Topol.},
  FJOURNAL = {Journal of Topology},
    VOLUME = {10},
      YEAR = {2017},
    NUMBER = {2},
     PAGES = {483--584},
      ISSN = {1753-8416},
   MRCLASS = {14A20 (14D15 14F05 18E30 18G55 53D55)},
  MRNUMBER = {3653319},
MRREVIEWER = {Scott R. Nollet},
       DOI = {10.1112/topo.12012},
       URL = {https://doi.org/10.1112/topo.12012},
}
@article {FHK,
    AUTHOR = {Faonte, Giovanni and Hennion, Benjamin and Kapranov, Mikhail},
     TITLE = {Higher {K}ac-{M}oody algebras and moduli spaces of
              {$G$}-bundles},
   JOURNAL = {Adv. Math.},
  FJOURNAL = {Advances in Mathematics},
    VOLUME = {346},
      YEAR = {2019},
     PAGES = {389--466},
      ISSN = {0001-8708},
   MRCLASS = {14D23 (14F08 14L30 18G90 32A27 32C35 53C05)},
  MRNUMBER = {3910800},
MRREVIEWER = {Alexander Zimmermann},
       DOI = {10.1016/j.aim.2019.01.040},
       URL = {https://doi.org/10.1016/j.aim.2019.01.040},
}
@article {HenKap,
    AUTHOR = {Hennion, Benjamin and Kapranov, Mikhail},
     TITLE = {Gelfand-{F}uchs cohomology in algebraic geometry and
              factorization algebras},
   JOURNAL = {J. Amer. Math. Soc.},
  FJOURNAL = {Journal of the American Mathematical Society},
    VOLUME = {36},
      YEAR = {2023},
    NUMBER = {2},
     PAGES = {311--396},
      ISSN = {0894-0347},
   MRCLASS = {14F10 (17B56)},
  MRNUMBER = {4536901},
MRREVIEWER = {Dingxin Zhang},
       DOI = {10.1090/jams/1001},
       URL = {https://doi.org/10.1090/jams/1001},
}
@article {KapLect,
    AUTHOR = {Kapranov, Mikhail},
     TITLE = {Infinite-dimensional (dg) {L}ie algebras and factorization
              algebras in algebraic geometry},
   JOURNAL = {Jpn. J. Math.},
  FJOURNAL = {Japanese Journal of Mathematics},
    VOLUME = {16},
      YEAR = {2021},
    NUMBER = {1},
     PAGES = {49--80},
      ISSN = {0289-2316},
   MRCLASS = {14A30 (14J10 17B67 17B68 18N50 32C36)},
  MRNUMBER = {4206648},
       DOI = {10.1007/s11537-020-1921-4},
       URL = {https://doi.org/10.1007/s11537-020-1921-4},
}
@book {ManMP,
    AUTHOR = {Manin, Yu. I.},
     TITLE = {Mathematics and physics},
    SERIES = {Progress in Physics},
    VOLUME = {3},
      NOTE = {Translated from the Russian by Ann Koblitz and Neal Koblitz},
 PUBLISHER = {Birkh\"{a}user, Boston, MA},
      YEAR = {1981},
     PAGES = {xii+99},
      ISBN = {3-7643-3027-9},
   MRCLASS = {81-01 (00A25)},
  MRNUMBER = {632405},
MRREVIEWER = {Boris M. Schein},
}
@book {ManGauge,
    AUTHOR = {Manin, Yuri I.},
     TITLE = {Gauge field theory and complex geometry},
    SERIES = {Grundlehren der mathematischen Wissenschaften [Fundamental
              Principles of Mathematical Sciences]},
    VOLUME = {289},
   EDITION = {Second},
      NOTE = {Translated from the 1984 Russian original by N. Koblitz and J.
              R. King,
              With an appendix by Sergei Merkulov},
 PUBLISHER = {Springer-Verlag, Berlin},
      YEAR = {1997},
     PAGES = {xii+346},
      ISBN = {3-540-61378-1},
   MRCLASS = {32-02 (14M30 32C11 32L25 58A50 81-02)},
  MRNUMBER = {1632008},
MRREVIEWER = {Daniel Hern\'{a}ndez Ruip\'{e}rez},
       DOI = {10.1007/978-3-662-07386-5},
       URL = {https://doi.org/10.1007/978-3-662-07386-5},
}
@book {ManFrob,
    AUTHOR = {Manin, Yuri I.},
     TITLE = {Frobenius manifolds, quantum cohomology, and moduli spaces},
    SERIES = {American Mathematical Society Colloquium Publications},
    VOLUME = {47},
 PUBLISHER = {American Mathematical Society, Providence, RI},
      YEAR = {1999},
     PAGES = {xiv+303},
      ISBN = {0-8218-1917-8},
   MRCLASS = {53D45 (14H10 14N35 18D50 32G34)},
  MRNUMBER = {1702284},
MRREVIEWER = {Alexandre I. Kabanov},
       DOI = {10.1090/coll/047},
       URL = {https://doi.org/10.1090/coll/047},
}
@article {PTVV,
    AUTHOR = {Pantev, Tony and To\"{e}n, Bertrand and Vaqui\'{e}, Michel and
              Vezzosi, Gabriele},
     TITLE = {Shifted symplectic structures},
   JOURNAL = {Publ. Math. Inst. Hautes \'{E}tudes Sci.},
  FJOURNAL = {Publications Math\'{e}matiques. Institut de Hautes \'{E}tudes
              Scientifiques},
    VOLUME = {117},
      YEAR = {2013},
     PAGES = {271--328},
      ISSN = {0073-8301},
   MRCLASS = {14F05 (14A15 18F20 18G30 53D05 53D12)},
  MRNUMBER = {3090262},
MRREVIEWER = {Andrey Yu. Lazarev},
       DOI = {10.1007/s10240-013-0054-1},
       URL = {https://doi.org/10.1007/s10240-013-0054-1},
}